%% This BibTeX bibliography file was created using BibDesk.
%% http://bibdesk.sourceforge.net/

%% Created for David Sánchez at 2017-11-15 17:17:51 +0000 


%% Saved with string encoding Unicode (UTF-8) 



@online{RasPiVNC,
	Author = {{Raspberry Pi Foundation}},
	Date-Added = {2017-11-14 12:56:21 +0000},
	Date-Modified = {2017-11-15 16:42:49 +0000},
	Title = {VNC (Virtual Network Computing)},
	Url = {https://www.raspberrypi.org/documentation/remote-access/vnc/},
	Urldate = {2017-03},
	Year = {2017},
	Bdsk-Url-1 = {https://www.raspberrypi.org/documentation/remote-access/vnc/}}

@online{OpusCodec,
	Author = {{IETF codec working group}},
	Date-Added = {2017-11-14 12:53:32 +0000},
	Date-Modified = {2017-11-15 16:56:52 +0000},
	Title = {Opus Interactive Audio Codec},
	Url = {http://opus-codec.org/},
	Urldate = {2017-09},
	Year = {2011},
	Bdsk-Url-1 = {http://opus-codec.org/}}

@online{ChromeDevTools,
	Author = {{Google Developers}},
	Date-Added = {2017-11-14 12:52:13 +0000},
	Date-Modified = {2017-11-15 16:27:51 +0000},
	Title = {Chrome DevTools},
	Url = {https://developers.google.com/web/tools/chrome-devtools/},
	Urldate = {2017},
	Year = {2017},
	Bdsk-Url-1 = {https://developers.google.com/web/tools/chrome-devtools/}}

@online{OggRFC2,
	Author = {I Goncalves and S Pfeiffer and C Montgomery and Xiph},
	Date-Added = {2017-11-14 12:50:39 +0000},
	Date-Modified = {2017-11-15 16:39:49 +0000},
	Title = {{RFC 5334: Ogg Media Types}},
	Url = {https://xiph.org/ogg/doc/rfc5334.txt},
	Urldate = {2017},
	Year = {2008},
	Bdsk-Url-1 = {https://xiph.org/ogg/doc/rfc5334.txt}}

@online{OggRFC1,
	Author = {S Pfeiffer and CSIRO},
	Date-Added = {2017-11-14 12:49:53 +0000},
	Date-Modified = {2017-11-15 16:39:17 +0000},
	Title = {{RFC 3533: The Ogg Encapsulation Format Version 0}},
	Url = {https://xiph.org/ogg/doc/rfc3533.txt},
	Urldate = {2017},
	Year = {2003},
	Bdsk-Url-1 = {https://xiph.org/ogg/doc/rfc3533.txt}}

@online{SafariWebRTC,
	Author = {Youenn Fablet},
	Date-Added = {2017-11-14 12:46:39 +0000},
	Date-Modified = {2017-11-15 16:25:01 +0000},
	Title = {Announcing WebRTC and Media Capture},
	Url = {https://webkit.org/blog/7726/announcing-webrtc-and-media-capture/},
	Urldate = {2017-06-07},
	Year = {2017},
	Bdsk-Url-1 = {https://webkit.org/blog/7726/announcing-webrtc-and-media-capture/}}

@online{ECMAScript2016,
	Author = {kangax and webbedspace and zloirock},
	Date-Modified = {2017-11-15 16:33:37 +0000},
	Title = {{ECMAScript 2016+ compatibility table}},
	Url = {https://kangax.github.io/compat-table/es2016plus/},
	Urldate = {2017},
	Year = {2017},
	Bdsk-Url-1 = {https://kangax.github.io/compat-table/es2016plus/}}

@online{V8,
	Author = {{Google Developers}},
	Date-Modified = {2017-11-15 16:28:35 +0000},
	Title = {Chrome V8},
	Url = {https://developers.google.com/v8/},
	Urldate = {2017},
	Year = {2017},
	Bdsk-Url-1 = {https://developers.google.com/v8/}}

@online{Haserl,
	Author = {N. Angelacos},
	Date-Modified = {2017-11-15 16:36:02 +0000},
	Title = {Haserl on Sourceforge},
	Url = {http://haserl.sourceforge.net/},
	Urldate = {2017-03},
	Year = {2011},
	Bdsk-Url-1 = {http://haserl.sourceforge.net/}}

@online{ResponsiveWD,
	Author = {Ethan Marcotte},
	Date-Modified = {2017-11-15 16:52:37 +0000},
	Title = {Responsive Web Design},
	Url = {https://alistapart.com/article/responsive-web-design},
	Urldate = {2017},
	Year = {2010},
	Bdsk-Url-1 = {https://alistapart.com/article/responsive-web-design}}

@online{PortalCautivoZero,
	Author = {Beavies},
	Date-Modified = {2017-11-15 16:55:45 +0000},
	Title = {Creación de un portal cautivo desde cero},
	Url = {http://beavies.blogspot.com.es/2013/03/creacion-de-un-portal-cautivo-desde-cero.html},
	Urldate = {2017},
	Year = {2013},
	Bdsk-Url-1 = {http://beavies.blogspot.com.es/2013/03/creacion-de-un-portal-cautivo-desde-cero.html}}

@online{CoovaMAC,
	Author = {Ashley Reid},
	Date-Modified = {2017-11-15 16:46:46 +0000},
	Title = {Modifying coova chilli to allow anonymous users for a private hotspot using automatic MAC addresses},
	Url = {http://subgroup-ash.blogspot.com.es/2014/02/modifying-coova-chilli-to-allow.html},
	Urldate = {2017},
	Year = {2014},
	Bdsk-Url-1 = {http://subgroup-ash.blogspot.com.es/2014/02/modifying-coova-chilli-to-allow.html}}

@online{RasPiFreeRADIUS,
	Author = {Jurgens Krause},
	Date-Modified = {2017-11-15 16:52:02 +0000},
	Title = {Raspberry PI based FreeRadius Server with GUI},
	Url = {http://www.binaryheartbeat.net/2013/12/raspberry-pi-based-freeradius-server.html},
	Urldate = {2017},
	Year = {2013},
	Bdsk-Url-1 = {http://www.binaryheartbeat.net/2013/12/raspberry-pi-based-freeradius-server.html}}

@online{RaspPiAP,
	Author = {adafruit},
	Date-Modified = {2017-11-15 16:40:50 +0000},
	Title = {Setting up a Raspberry Pi as a WiFi access point},
	Url = {https://learn.adafruit.com/setting-up-a-raspberry-pi-as-a-wifi-access-point/install-software},
	Urldate = {2017-03},
	Year = {2013},
	Bdsk-Url-1 = {https://learn.adafruit.com/setting-up-a-raspberry-pi-as-a-wifi-access-point/install-software}}

@online{RaspbianNGINX,
	Author = {{Raspberry Pi Foundation}},
	Date-Modified = {2017-11-15 16:41:30 +0000},
	Title = {Setting up an NGINX web server on a Raspberry Pi},
	Url = {https://www.raspberrypi.org/documentation/remote-access/web-server/nginx.md},
	Urldate = {2017-05},
	Year = {2017},
	Bdsk-Url-1 = {https://www.raspberrypi.org/documentation/remote-access/web-server/nginx.md}}

@online{RaspbianDoc,
	Author = {{Raspberry Pi Foundation}},
	Date-Modified = {2017-11-15 16:52:18 +0000},
	Title = {Raspbian Documentation},
	Url = {https://www.raspberrypi.org/documentation/raspbian/},
	Urldate = {2017},
	Year = {2017},
	Bdsk-Url-1 = {https://www.raspberrypi.org/documentation/raspbian/}}

@online{ChilliMailList2,
	Author = {Nkansah Rexford},
	Date-Modified = {2017-11-15 16:30:57 +0000},
	Title = {{[CoovaChilli] Understanding how Login works}},
	Url = {https://www.brightonchilli.org.uk/pipermail/coovachilli/2017-January/000181.html},
	Urldate = {2017},
	Year = {2017},
	Bdsk-Url-1 = {https://www.brightonchilli.org.uk/pipermail/coovachilli/2017-January/000181.html}}

@online{ChilliMailList,
	Author = {{CoovaChilli Community}},
	Date-Modified = {2017-11-15 16:41:58 +0000},
	Title = {{The CoovaChilli Archives (mailing list)}},
	Url = {https://www.brightonchilli.org.uk/pipermail/coovachilli/},
	Urldate = {2017},
	Year = {2017},
	Bdsk-Url-1 = {https://www.brightonchilli.org.uk/pipermail/coovachilli/}}

@online{ChilliMan,
	Author = {{CoovaChilli Community}},
	Date-Modified = {2017-11-15 16:29:33 +0000},
	Title = {{CoovaChilli - man pages}},
	Url = {http://coova.github.io/CoovaChilli/man-pages.html},
	Urldate = {2017},
	Year = {2017},
	Bdsk-Url-1 = {http://coova.github.io/CoovaChilli/man-pages.html}}

@online{ChilliJSON,
	Author = {{CoovaChilli Community}},
	Date-Modified = {2017-11-15 16:30:05 +0000},
	Title = {CoovaChilli JSON Interface},
	Url = {http://coova.github.io/CoovaChilli/JSON/},
	Urldate = {2017},
	Year = {2017},
	Bdsk-Url-1 = {http://coova.github.io/CoovaChilli/JSON/}}

@online{ChilliGitHub,
	Author = {{CoovaChilli Community}},
	Date-Modified = {2017-11-15 16:29:52 +0000},
	Title = {CoovaChilli GitHub Repository},
	Url = {https://github.com/coova/coova-chilli},
	Urldate = {2017},
	Year = {2017},
	Bdsk-Url-1 = {https://github.com/coova/coova-chilli}}

@online{hostapdDoc,
	Author = {Jouni Malinen},
	Date-Modified = {2017-11-15 16:36:40 +0000},
	Title = {{hostapd: IEEE 802.11 AP, IEEE 802.1X/WPA/WPA2/EAP/RADIUS Authenticator}},
	Url = {http://w1.fi/hostapd/},
	Urldate = {2017-05},
	Year = {2013},
	Bdsk-Url-1 = {http://w1.fi/hostapd/}}

@online{daloRADIUS1,
	Author = {Liran Tal},
	Date-Modified = {2017-11-15 17:12:35 +0000},
	Title = {daloRADIUS},
	Url = {http://www.daloradius.com/},
	Urldate = {2017},
	Year = {2007},
	Bdsk-Url-1 = {http://www.daloradius.com/}}

@online{FreeRADIUSRFC,
	Author = {C. Rigney and S. Willens and Livingston and A. Rubens and Merit and W. Simpson and Daydreamer},
	Date-Modified = {2017-11-15 16:38:47 +0000},
	Title = {{RFC 2865 (en FreeRADIUS)}},
	Url = {http://freeradius.org/rfc/rfc2865.html},
	Urldate = {2017-04},
	Year = {2000},
	Bdsk-Url-1 = {http://freeradius.org/rfc/rfc2865.html}}

@online{FreeRADIUSDoc,
	Author = {{The FreeRADIUS Server Project} and Contributors},
	Date-Modified = {2017-11-15 16:35:33 +0000},
	Title = {FreeRADIUS Documentation},
	Url = {http://freeradius.org/documentation/},
	Urldate = {2017},
	Year = {2017},
	Bdsk-Url-1 = {http://freeradius.org/documentation/}}

@online{OpenSSL,
	Author = {Diego Woitasen},
	Date-Modified = {2017-11-15 16:37:29 +0000},
	Title = {Respuesta a ``How to create a self-signed certificate with openssl?''},
	Url = {https://stackoverflow.com/questions/10175812/how-to-create-a-self-signed-certificate-with-openssl},
	Urldate = {2017-06},
	Year = {2012},
	Bdsk-Url-1 = {https://stackoverflow.com/questions/10175812/how-to-create-a-self-signed-certificate-with-openssl}}

@online{TUNTAP2,
	Author = {fisharebest},
	Date-Modified = {2017-11-15 16:43:53 +0000},
	Title = {{WifiDocs/CoovaChilli}},
	Url = {https://help.ubuntu.com/community/WifiDocs/CoovaChilli},
	Urldate = {2017-05},
	Year = {2013},
	Bdsk-Url-1 = {https://help.ubuntu.com/community/WifiDocs/CoovaChilli}}

@online{TUNTAP1,
	Author = {waldner},
	Date-Modified = {2017-11-15 16:42:31 +0000},
	Title = {{TUN/TAP interface tutorial}},
	Url = {http://backreference.org/2010/03/26/tuntap-interface-tutorial/},
	Urldate = {2017-06},
	Year = {2010},
	Bdsk-Url-1 = {http://backreference.org/2010/03/26/tuntap-interface-tutorial/}}

@online{PM2Doc,
	Author = {Keymetrics},
	Date-Modified = {2017-11-15 16:51:20 +0000},
	Title = {PM2 Documentation},
	Url = {http://pm2.keymetrics.io/docs/usage/cluster-mode/},
	Urldate = {2017-07},
	Year = {2017},
	Bdsk-Url-1 = {http://pm2.keymetrics.io/docs/usage/cluster-mode/}}

@online{ExpressAPI,
	Author = {{Node.js Foundation}},
	Date-Modified = {2017-11-15 16:34:27 +0000},
	Title = {{Express API Reference}},
	Url = {http://expressjs.com/en/4x/api.html},
	Urldate = {2017},
	Year = {2017},
	Bdsk-Url-1 = {http://expressjs.com/en/4x/api.html}}

@online{NPMDoc,
	Author = {Doug Wilson and kornel},
	Date-Modified = {2017-11-15 16:49:18 +0000},
	Title = {npm packages documentation},
	Url = {https://www.npmjs.com/},
	Urldate = {2017},
	Year = {2017},
	Bdsk-Url-1 = {https://www.npmjs.com/}}

@online{BootstrapDoc,
	Author = {Bootstrap},
	Date-Modified = {2017-11-15 16:26:54 +0000},
	Title = {{Bootstrap Documentation}},
	Url = {https://getbootstrap.com/docs/4.0/getting-started/introduction/},
	Urldate = {2017},
	Year = {2017},
	Bdsk-Url-1 = {https://getbootstrap.com/docs/4.0/getting-started/introduction/}}

@online{jQueryAPI,
	Author = {{The jQuery Foundation}},
	Date-Added = {2017-11-14 11:18:25 +0000},
	Date-Modified = {2017-11-15 16:44:27 +0000},
	Title = {{jQuery API}},
	Url = {https://api.jquery.com/},
	Urldate = {2017},
	Year = {2017},
	Bdsk-Url-1 = {https://api.jquery.com/}}

@online{NodeDoc,
	Author = {{Node.js Foundation}},
	Date-Added = {2017-11-14 11:17:21 +0000},
	Date-Modified = {2017-11-15 16:47:39 +0000},
	Title = {{Node.js v8 Documentation}},
	Url = {https://nodejs.org/dist/latest-v8.x/docs/api/},
	Urldate = {2017},
	Year = {2017},
	Bdsk-Url-1 = {https://nodejs.org/dist/latest-v8.x/docs/api/}}

@online{NodeHTTP,
	Author = {{Node.js Foundation}},
	Date-Added = {2017-11-14 11:16:37 +0000},
	Date-Modified = {2017-11-15 17:11:28 +0000},
	Title = {{Anatomy of an HTTP Transaction}},
	Url = {https://nodejs.org/en/docs/guides/anatomy-of-an-http-transaction/},
	Urldate = {2017},
	Year = {2017},
	Bdsk-Url-1 = {https://nodejs.org/en/docs/guides/anatomy-of-an-http-transaction/}}

@online{MediaStreamRecordingAPI,
	Author = {Sheppy and lazarljubenovic and SOCSIELEARNING and Ambar and dimaspirit},
	Date-Added = {2017-11-14 11:15:56 +0000},
	Date-Modified = {2017-11-15 16:45:07 +0000},
	Title = {{MediaStream Recording API}},
	Url = {https://developer.mozilla.org/en-US/docs/Web/API/MediaStream_Recording_API},
	Urldate = {2017},
	Year = {2017},
	Bdsk-Url-1 = {https://developer.mozilla.org/en-US/docs/Web/API/MediaStream_Recording_API}}

@online{W3Schools,
	Author = {{w3schools.com}},
	Date-Added = {2017-11-14 11:15:06 +0000},
	Date-Modified = {2017-11-15 16:43:17 +0000},
	Title = {w3schools.com},
	Url = {https://www.w3schools.com/},
	Urldate = {2017},
	Year = {2017},
	Bdsk-Url-1 = {https://www.w3schools.com/}}

@online{MDN,
	Author = {{Mozilla Developer Network}},
	Date-Added = {2017-11-14 11:13:40 +0000},
	Date-Modified = {2017-11-15 16:47:17 +0000},
	Title = {Mozilla Developer Network web docs},
	Url = {https://developer.mozilla.org/en-US/},
	Urldate = {2017},
	Year = {2017},
	Bdsk-Url-1 = {https://developer.mozilla.org/en-US/}}

@online{mobileTraffic,
	Author = {{Statista, the Statistics Portal}},
	Date-Added = {2017-11-14 11:11:06 +0000},
	Date-Modified = {2017-11-15 16:46:20 +0000},
	Title = {{Mobile internet traffic as percentage of total web traffic in August 2017, by region}},
	Url = {https://www.statista.com/statistics/306528/share-of-mobile-internet-traffic-in-global-regions/},
	Urldate = {2017-10},
	Year = {2017},
	Bdsk-Url-1 = {https://www.statista.com/statistics/306528/share-of-mobile-internet-traffic-in-global-regions/}}
