%% This BibTeX bibliography file was created using BibDesk.
%% http://bibdesk.sourceforge.net/

%% Created for David Sánchez at 2017-11-15 01:55:20 +0000 


%% Saved with string encoding Unicode (UTF-8) 



@book{MongoDB,
	Author = {Mithun Satheesh and Bruno Joseph D'mello and Jason Krol},
	Date-Added = {2017-11-14 12:39:20 +0000},
	Date-Modified = {2017-11-14 12:40:04 +0000},
	Publisher = {Packt Publishing Ltd{.}},
	Title = {Web Development with MongoDB and NodeJS},
	Year = {2015}}

@book{JavaServer,
	Author = {Larne Pekowsky},
	Date-Added = {2017-11-14 12:34:24 +0000},
	Date-Modified = {2017-11-14 12:36:04 +0000},
	Publisher = {Addison-Wesley Professional},
	Title = {JavaServer Pages},
	Year = {2003}}

@book{Python,
	Author = {David Mertz},
	Date-Added = {2017-11-14 12:31:07 +0000},
	Date-Modified = {2017-11-14 12:36:25 +0000},
	Publisher = {Addison-Wesley Professional},
	Title = {Text Processing in Python},
	Year = {2003}}

@book{RADIUS,
	Author = {John Vollbretch},
	Date-Added = {2017-11-14 12:23:31 +0000},
	Date-Modified = {2017-11-14 12:25:17 +0000},
	Publisher = {Interlink Networks},
	Title = {The Beginnings and History of RADIUS},
	Year = {2006}}

@book{PHPMySQLJavaScript,
	Author = {Robin Nixon},
	Date-Added = {2017-11-14 12:14:59 +0000},
	Date-Modified = {2017-11-14 12:15:47 +0000},
	Publisher = {O'Reilly Media{,} Inc},
	Title = {Learning PHP{,} MySQL {\&} JavaScript},
	Year = {2015}}

@book{HTML5,
	Author = {Matthew MacDonald},
	Date-Added = {2017-11-14 12:09:50 +0000},
	Date-Modified = {2017-11-14 12:12:59 +0000},
	Publisher = {O'Reilly Media{,} Inc},
	Title = {HTML5{;} The Missing Manual},
	Year = {2014}}

@book{RasPi1,
	Author = {Russell Barnes},
	Date-Added = {2017-11-14 12:07:15 +0000},
	Date-Modified = {2017-11-14 12:08:15 +0000},
	Publisher = {Cbl Distribution Limited},
	Title = {Official Raspberry Pi Projects Book},
	Year = {2015}}

@book{IOT1,
	Author = {Mike Barlow},
	Date-Added = {2017-11-14 12:03:06 +0000},
	Date-Modified = {2017-11-14 12:03:26 +0000},
	Publisher = {O'Reilly Media{,} Inc},
	Title = {Governing the IoT},
	Year = {2016}}

@book{IOT2,
	Author = {Tim O{'}Reilly and Cory Doctorow},
	Date-Added = {2017-11-14 12:01:57 +0000},
	Date-Modified = {2017-11-15 01:54:43 +0000},
	Publisher = {O'Reilly Media{,} Inc},
	Title = {Opportunities and Challenges in the IoT: A Conversation with Tim O'Reilly and Cory Doctorow},
	Year = {2015}}

@book{SmartCities1,
	Author = {Mike Barlow},
	Date-Added = {2017-11-14 12:00:53 +0000},
	Date-Modified = {2017-11-14 12:01:31 +0000},
	Publisher = {O'Reilly Media{,} Inc},
	Title = {Smart Cities{,} Smarter Citizens},
	Year = {2015}}

@book{DesignIOT,
	Author = {Mary Treseler},
	Date-Added = {2017-11-14 11:59:06 +0000},
	Date-Modified = {2017-11-14 12:00:46 +0000},
	Publisher = {O'Reilly Media{,} Inc},
	Title = {Designing for the Internet of Things},
	Year = {2016}}

@book{Git,
	Author = {Scott Chacon and Ben Straub},
	Date-Added = {2017-11-14 11:47:56 +0000},
	Date-Modified = {2017-11-14 11:50:04 +0000},
	Publisher = {Apress},
	Title = {Pro Git},
	Year = {2014}}

@book{FrontEndBNR,
	Author = {Chris Aquino and Todd Gandee},
	Date-Added = {2017-11-14 11:43:54 +0000},
	Date-Modified = {2017-11-14 11:44:34 +0000},
	Publisher = {Pearson Technology Group},
	Title = {Front-End Web Development: The Big Nerd Ranch Guide},
	Year = {2016}}

@book{HTML5CSS3,
	Author = {Alexis Goldstein and Louis Lazaris and Estelle Weyl},
	Date-Added = {2017-11-14 11:41:52 +0000},
	Date-Modified = {2017-11-14 13:25:06 +0000},
	Publisher = {SitePoint Pty{.} Ltd},
	Title = {HTML5 {\&} CSS3 for the Real World},
	Year = {2015}}

@booklet{curl,
	Author = {Daniel Stenberg},
	Date-Added = {2017-11-14 11:38:16 +0000},
	Date-Modified = {2017-11-14 11:40:16 +0000},
	Title = {Everything curl},
	Year = {2015}}

@article{MobileSensing,
	Author = {Elsa María Macías and Álvaro Suárez and Jaime Lloret},
	Date-Added = {2017-11-13 00:19:07 +0000},
	Date-Modified = {2017-11-13 00:23:35 +0000},
	Journal = {Sensors},
	Number = {12},
	Pages = {17292--17321},
	Title = {Mobile Sensing Systems},
	Volume = {13},
	Year = {2013}}

@book{LibroNode1,
	Author = {Ethan Brown},
	Edition = {1st},
	Publisher = {O'Reilly Media{,} Inc},
	Title = {Web Development with Node and Express},
	Year = {2014}}

@book{LibroNode2,
	Author = {Azat Mardan},
	Edition = {1st},
	Publisher = {Heinz Weinheimer},
	Title = {Practical Node.js},
	Year = {2014}}

@book{LibroWebRTC1,
	Author = {Dan Ristic},
	Edition = {1st},
	Publisher = {Packt Publishing Ltd.},
	Title = {Learning WebRTC},
	Year = {2015}}
